<record><leader>00000cas a22000007a 4500</leader><controlfield tag="001">11512336</controlfield><controlfield tag="008">841219d190u1938inudr ne      0    0eng d</controlfield><datafield ind1=" " ind2=" " tag="010"><subfield code="a">sn 84045589 </subfield></datafield><datafield ind1=" " ind2=" " tag="040"><subfield code="a">NPI</subfield><subfield code="b">eng</subfield><subfield code="c">NPI</subfield><subfield code="d">OCL</subfield><subfield code="d">OCLCQ</subfield></datafield><datafield ind1=" " ind2=" " tag="042"><subfield code="a">msc</subfield></datafield><datafield ind1="0" ind2=" " tag="130"><subfield code="a">Edinburg courier (Edinburgh, Ind. : Daily)</subfield></datafield><datafield ind1="1" ind2="4" tag="245"><subfield code="a">The Edinburg courier.</subfield></datafield><datafield ind1="3" ind2="0" tag="246"><subfield code="a">Daily courier</subfield></datafield><datafield ind1=" " ind2=" " tag="260"><subfield code="a">Edinburg, Ind. :</subfield><subfield code="b">E.C. Allison</subfield></datafield><datafield ind1=" " ind2=" " tag="300"><subfield code="a">v. :</subfield><subfield code="b">ill. (chiefly advertisements)</subfield></datafield><datafield ind1=" " ind2=" " tag="310"><subfield code="a">Daily</subfield></datafield><datafield ind1="1" ind2=" " tag="362"><subfield code="a">Began in the early 1900s.</subfield><subfield code="z">Cf. Miller, John W. Indiana newspaper bibliog.</subfield></datafield><datafield ind1="0" ind2=" " tag="362"><subfield code="a">-v. 48, no. 34 (Aug. 8, 1938).</subfield></datafield><datafield ind1=" " ind2=" " tag="500"><subfield code="a">From approximately 1910 to 1912 called also: Daily courier.</subfield></datafield><datafield ind1=" " ind2=" " tag="500"><subfield code="a">"Independent."</subfield></datafield><datafield ind1=" " ind2=" " tag="588"><subfield code="a">Description based on: Vol. 17, no. 153 (June 27, 1907).</subfield></datafield><datafield ind1=" " ind2=" " tag="752"><subfield code="a">United States</subfield><subfield code="b">Indiana</subfield><subfield code="c">Johnson</subfield><subfield code="d">Edinburgh.</subfield></datafield><datafield ind1="0" ind2="0" tag="780"><subfield code="t">Evening call (Edinburgh, Ind.)</subfield></datafield><datafield ind1="0" ind2="0" tag="785"><subfield code="t">Edinburg daily courier</subfield><subfield code="w">(DLC)sn 84045590</subfield></datafield></record>